% ------------------------------------------------------------------------
% SAMPLE BIBLIOGRAPHY FILE
% ------------------------------------------------------------------------

@MISC{prime-number-theorem,
   author = "Charles Louis Xavier Joseph de la Vall{\'e}e Poussin",
   note = "A strong form of the prime number theorem, 19th century" }

% ------------------------------------------------------------------------

@BOOK{texbook,
   author = "Donald E. Knuth",
   title= "The {{\TeX}book}",
   publisher = "Addison-Wesley",
   year = 1984 }

@BOOK{latex,
   author = "Leslie Lamport",
   title = "{\LaTeX:} {A} Document Preparation System",
   publisher = "Addison-Wesley",
   year = 1986 }

% ------------------------------------------------------------------------
Stereo processing by semiglobal matching and mutual information. Pattern Analysis and Machine Intelligence, IEEE Transactions on, 30(2):328–341, 2008.

@ARTICLE{sgm,
 author={Hirschmuller},
 title={Stereo processing by semiglobal matching and mutual information},
 journal={IEEE},
 volume={30(2)},
 year={2008},
 pages={328–341},
}

@ARTICLE{ballpivot,
 author={F. Bernardini,J. Mittleman, H. Rushmeier, C. Silva and G. Taubin},
 title={The ball-pivoting algorithm for surface reconstruction},
 journal={IEEE},
 volume={5(4)},
 year={1999},
 pages={349-359},
}

@ARTICLE{underwater_scene,
 author={Huimin Lu, Yujie Li and Xuelong Hu},
 title={Underwater Scene Reconstruction via Image Pre-processing},
 journal={IJ3C},
 volume={3(4)},
 year={2014},
 pages={37},
}








% ------------------------------------------------------------------------








% ------------------------------------------------------------------------
